<?xml version="1.0" encoding="UTF-8"?>

<marc21:record xmlns:marc21="http://www.loc.gov/MARC21/slim" xmlns:xsi="http://www.w3.org/2001/XMLSchema-instance" xsi:schemaLocation="http://www.loc.gov/MARC21/slim http://www.loc.gov/standards/marcxml/schema/MARC21slim.xsd">
  <marc21:leader>01866nam a22005297a 4500</marc21:leader>
  <marc21:controlfield tag="001">001052268</marc21:controlfield>
  <marc21:controlfield tag="003">CZ BrMZK</marc21:controlfield>
  <marc21:controlfield tag="005">20080108122320.0</marc21:controlfield>
  <marc21:controlfield tag="007">ta</marc21:controlfield>
  <marc21:controlfield tag="008">070521s1662 ne fr|||||00| ||czeod</marc21:controlfield>
  <marc21:datafield tag="040" ind1=" " ind2=" ">
    <marc21:subfield code="a">BOA001</marc21:subfield>
    <marc21:subfield code="b">cze</marc21:subfield>
  </marc21:datafield>
  <marc21:datafield tag="072" ind1=" " ind2="7">
    <marc21:subfield code="a">094</marc21:subfield>
    <marc21:subfield code="x">Staré tisky</marc21:subfield>
    <marc21:subfield code="2">Konspekt</marc21:subfield>
    <marc21:subfield code="9">12</marc21:subfield>
  </marc21:datafield>
  <marc21:datafield tag="080" ind1=" " ind2=" ">
    <marc21:subfield code="a">025.171</marc21:subfield>
    <marc21:subfield code="2">MRF</marc21:subfield>
  </marc21:datafield>
  <marc21:datafield tag="100" ind1="1" ind2=" ">
    <marc21:subfield code="a">Komenský, Jan Amos,</marc21:subfield>
    <marc21:subfield code="d">1592-1670</marc21:subfield>
    <marc21:subfield code="7">jk01061444</marc21:subfield>
    <marc21:subfield code="4">aut</marc21:subfield>
  </marc21:datafield>
  <marc21:datafield tag="245" ind1="1" ind2="0">
    <marc21:subfield code="a">Přemysslowánj O Dvchownj Radosti wěrných a prawých Křesťanů</marc21:subfield>
  </marc21:datafield>
  <marc21:datafield tag="260" ind1=" " ind2=" ">
    <marc21:subfield code="a">W Amsterodámě :</marc21:subfield>
    <marc21:subfield code="b">[t. Jan Paskovský],</marc21:subfield>
    <marc21:subfield code="c">1662</marc21:subfield>
  </marc21:datafield>
  <marc21:datafield tag="300" ind1=" " ind2=" ">
    <marc21:subfield code="a">38 zach. s. ;</marc21:subfield>
    <marc21:subfield code="c">12°</marc21:subfield>
  </marc21:datafield>
  <marc21:datafield tag="500" ind1=" " ind2=" ">
    <marc21:subfield code="a">Unikát</marc21:subfield>
  </marc21:datafield>
  <marc21:datafield tag="500" ind1=" " ind2=" ">
    <marc21:subfield code="a">Výzdoba: titulní strana v rámečku z typografických ozdob, vlys rovněž z typografických ozdob, iniciály</marc21:subfield>
  </marc21:datafield>
  <marc21:datafield tag="500" ind1=" " ind2=" ">
    <marc21:subfield code="a">V době akvizice byl tisk v konvolutu se sig. Ks-0033.884, pak byl oddělen a postaven samostatně</marc21:subfield>
  </marc21:datafield>
  <marc21:datafield tag="510" ind1="4" ind2=" ">
    <marc21:subfield code="a">SDK,</marc21:subfield>
    <marc21:subfield code="c">722</marc21:subfield>
  </marc21:datafield>
  <marc21:datafield tag="510" ind1="4" ind2=" ">
    <marc21:subfield code="a">Knihopis,</marc21:subfield>
    <marc21:subfield code="c">4252</marc21:subfield>
  </marc21:datafield>
  <marc21:datafield tag="510" ind1="4" ind2=" ">
    <marc21:subfield code="a">Dokoupil. Soupis komenian,</marc21:subfield>
    <marc21:subfield code="c">s. 94, č. 1</marc21:subfield>
  </marc21:datafield>
  <marc21:datafield tag="510" ind1="4" ind2=" ">
    <marc21:subfield code="a">Vobr. Dílo J. A. Komenského,</marc21:subfield>
    <marc21:subfield code="c">247</marc21:subfield>
  </marc21:datafield>
  <marc21:datafield tag="563" ind1=" " ind2=" ">
    <marc21:subfield code="a">Nová pergamenová vazba</marc21:subfield>
  </marc21:datafield>
  <marc21:datafield tag="590" ind1=" " ind2=" ">
    <marc21:subfield code="a">Na konci neúplné</marc21:subfield>
  </marc21:datafield>
  <marc21:datafield tag="648" ind1=" " ind2="7">
    <marc21:subfield code="a">1651-1700</marc21:subfield>
    <marc21:subfield code="2">czenas</marc21:subfield>
  </marc21:datafield>
  <marc21:datafield tag="650" ind1="0" ind2="7">
    <marc21:subfield code="a">historické knihovní fondy</marc21:subfield>
    <marc21:subfield code="2">czenas</marc21:subfield>
  </marc21:datafield>
  <marc21:datafield tag="655" ind1=" " ind2="7">
    <marc21:subfield code="a">staré tisky</marc21:subfield>
    <marc21:subfield code="2">czenas</marc21:subfield>
  </marc21:datafield>
  <marc21:datafield tag="700" ind1="1" ind2=" ">
    <marc21:subfield code="a">Komenský, Jan Amos,</marc21:subfield>
    <marc21:subfield code="d">1592-1670.</marc21:subfield>
    <marc21:subfield code="t">Přemyšlování o duchovní radosti</marc21:subfield>
  </marc21:datafield>
  <marc21:datafield tag="910" ind1=" " ind2=" ">
    <marc21:subfield code="b">Ks-0033.881</marc21:subfield>
  </marc21:datafield>
  <marc21:datafield tag="978" ind1=" " ind2=" ">
    <marc21:subfield code="a">Paskovský</marc21:subfield>
    <marc21:subfield code="b">Jan</marc21:subfield>
    <marc21:subfield code="c">Amsterdam</marc21:subfield>
    <marc21:subfield code="f">1662</marc21:subfield>
  </marc21:datafield>
  <marc21:datafield tag="984" ind1=" " ind2=" ">
    <marc21:subfield code="a">Amsterdam</marc21:subfield>
    <marc21:subfield code="b">Nizozemsko</marc21:subfield>
  </marc21:datafield>
  <marc21:datafield tag="990" ind1=" " ind2=" ">
    <marc21:subfield code="a">001052268</marc21:subfield>
  </marc21:datafield>
  <marc21:datafield tag="CAT" ind1=" " ind2=" ">
    <marc21:subfield code="a">BARPRE</marc21:subfield>
    <marc21:subfield code="b">50</marc21:subfield>
    <marc21:subfield code="c">20070711</marc21:subfield>
    <marc21:subfield code="l">MZK03</marc21:subfield>
    <marc21:subfield code="h">1039</marc21:subfield>
  </marc21:datafield>
  <marc21:datafield tag="CAT" ind1=" " ind2=" ">
    <marc21:subfield code="a">BARPRE</marc21:subfield>
    <marc21:subfield code="b">50</marc21:subfield>
    <marc21:subfield code="c">20071213</marc21:subfield>
    <marc21:subfield code="l">MZK03</marc21:subfield>
    <marc21:subfield code="h">0850</marc21:subfield>
  </marc21:datafield>
  <marc21:datafield tag="CAT" ind1=" " ind2=" ">
    <marc21:subfield code="a">BARPRE</marc21:subfield>
    <marc21:subfield code="b">50</marc21:subfield>
    <marc21:subfield code="c">20080108</marc21:subfield>
    <marc21:subfield code="l">MZK03</marc21:subfield>
    <marc21:subfield code="h">1223</marc21:subfield>
  </marc21:datafield>
  <marc21:datafield tag="CAT" ind1=" " ind2=" ">
    <marc21:subfield code="c">20080514</marc21:subfield>
    <marc21:subfield code="l">MZK03</marc21:subfield>
    <marc21:subfield code="h">1638</marc21:subfield>
  </marc21:datafield>
  <marc21:datafield tag="CAT" ind1=" " ind2=" ">
    <marc21:subfield code="c">20080516</marc21:subfield>
    <marc21:subfield code="l">MZK03</marc21:subfield>
    <marc21:subfield code="h">1718</marc21:subfield>
  </marc21:datafield>
  <marc21:datafield tag="CAT" ind1=" " ind2=" ">
    <marc21:subfield code="c">20080930</marc21:subfield>
    <marc21:subfield code="l">MZK03</marc21:subfield>
    <marc21:subfield code="h">1223</marc21:subfield>
  </marc21:datafield>
  <marc21:datafield tag="CAT" ind1=" " ind2=" ">
    <marc21:subfield code="a">MACHJI</marc21:subfield>
    <marc21:subfield code="b">50</marc21:subfield>
    <marc21:subfield code="c">20090217</marc21:subfield>
    <marc21:subfield code="l">MZK03</marc21:subfield>
    <marc21:subfield code="h">1015</marc21:subfield>
  </marc21:datafield>
  <marc21:datafield tag="CAT" ind1=" " ind2=" ">
    <marc21:subfield code="a">MACHJI</marc21:subfield>
    <marc21:subfield code="b">50</marc21:subfield>
    <marc21:subfield code="c">20090217</marc21:subfield>
    <marc21:subfield code="l">MZK03</marc21:subfield>
    <marc21:subfield code="h">1031</marc21:subfield>
  </marc21:datafield>
  <marc21:datafield tag="MNS" ind1=" " ind2=" ">
    <marc21:subfield code="a">20080515</marc21:subfield>
  </marc21:datafield>
  <marc21:datafield tag="PRU" ind1=" " ind2=" ">
    <marc21:subfield code="a">VZST 070711 PB</marc21:subfield>
  </marc21:datafield>
  <marc21:datafield tag="SGG" ind1=" " ind2=" ">
    <marc21:subfield code="a">0033.881</marc21:subfield>
  </marc21:datafield>
  <marc21:datafield tag="SKC" ind1=" " ind2=" ">
    <marc21:subfield code="a">20080514</marc21:subfield>
  </marc21:datafield>
</marc21:record>
